@inproceedings{karp1990optimal,
  title={An optimal algorithm for on-line bipartite matching},
  author={Karp, Richard M and Vazirani, Umesh V and Vazirani, Vijay V},
  booktitle={Proceedings of the twenty-second annual ACM symposium on Theory of computing},
  pages={352--358},
  year={1990},
  organization={ACM}
}

@article{kuhn1955hungarian,
  title={The Hungarian method for the assignment problem},
  author={Kuhn, Harold W},
  journal={Naval research logistics quarterly},
  volume={2},
  number={1-2},
  pages={83--97},
  year={1955},
  publisher={Wiley Online Library}
}

@inproceedings{aggarwal2011online,
  title={Online vertex-weighted bipartite matching and single-bid budgeted allocations},
  author={Aggarwal, Gagan and Goel, Gagan and Karande, Chinmay and Mehta, Aranyak},
  booktitle={Proceedings of the Twenty-Second Annual ACM-SIAM Symposium on Discrete Algorithms},
  pages={1253--1264},
  year={2011},
  organization={SIAM}
}

@inproceedings{babaioff2009secretary,
  title={Secretary problems: weights and discounts},
  author={Babaioff, Moshe and Dinitz, Michael and Gupta, Anupam and Immorlica, Nicole and Talwar, Kunal},
  booktitle={Proceedings of the twentieth Annual ACM-SIAM Symposium on Discrete Algorithms},
  pages={1245--1254},
  year={2009},
  organization={Society for Industrial and Applied Mathematics}
}

@inproceedings{babaioff2007matroids,
  title={Matroids, secretary problems, and online mechanisms},
  author={Babaioff, Moshe and Immorlica, Nicole and Kleinberg, Robert},
  booktitle={Proceedings of the eighteenth annual ACM-SIAM symposium on Discrete algorithms},
  pages={434--443},
  year={2007},
  organization={Society for Industrial and Applied Mathematics}
}

@incollection{babaioff2007knapsack,
  title={A knapsack secretary problem with applications},
  author={Babaioff, Moshe and Immorlica, Nicole and Kempe, David and Kleinberg, Robert},
  booktitle={Approximation, Randomization, and Combinatorial Optimization. Algorithms and Techniques},
  pages={16--28},
  year={2007},
  publisher={Springer}
}

@article{babaioff2008online,
  title={Online auctions and generalized secretary problems},
  author={Babaioff, Moshe and Immorlica, Nicole and Kempe, David and Kleinberg, Robert},
  journal={ACM SIGecom Exchanges},
  volume={7},
  number={2},
  pages={7},
  year={2008},
  publisher={ACM}
}

@inproceedings{devanur2013randomized,
  title={Randomized Primal-Dual analysis of RANKING for Online BiPartite Matching.},
  author={Devanur, Nikhil R and Jain, Kamal and Kleinberg, Robert D},
  booktitle={SODA},
  pages={101--107},
  year={2013},
  organization={SIAM}
}

@inproceedings{feldman2009online,
  title={Online stochastic matching: Beating 1-1/e},
  author={Feldman, Jon and Mehta, Aranyak and Mirrokni, Vahab and Muthukrishnan, S},
  booktitle={Foundations of Computer Science, 2009. FOCS'09. 50th Annual IEEE Symposium on},
  pages={117--126},
  year={2009},
  organization={IEEE}
}

@inproceedings{kleinberg2005multiple,
  title={A multiple-choice secretary algorithm with applications to online auctions},
  author={Kleinberg, Robert},
  booktitle={Proceedings of the sixteenth annual ACM-SIAM symposium on Discrete algorithms},
  pages={630--631},
  year={2005},
  organization={Society for Industrial and Applied Mathematics}
}

@inproceedings{mahdian2011online,
  title={Online bipartite matching with random arrivals: an approach based on strongly factor-revealing lps},
  author={Mahdian, Mohammad and Yan, Qiqi},
  booktitle={Proceedings of the 43rd annual ACM symposium on Theory of computing},
  pages={597--606},
  year={2011},
  organization={ACM}
}

@article{mehta2007adwords,
  title={Adwords and generalized online matching},
  author={Mehta, Aranyak and Saberi, Amin and Vazirani, Umesh and Vazirani, Vijay},
  journal={Journal of the ACM (JACM)},
  volume={54},
  number={5},
  pages={22},
  year={2007},
  publisher={ACM}
}

@incollection{bahmani2010improved,
  title={Improved bounds for online stochastic matching},
  author={Bahmani, Bahman and Kapralov, Michael},
  booktitle={Algorithms--ESA 2010},
  pages={170--181},
  year={2010},
  publisher={Springer}
}

@article{birnbaum2008line,
  title={On-line bipartite matching made simple},
  author={Birnbaum, Benjamin and Mathieu, Claire},
  journal={ACM SIGACT News},
  volume={39},
  number={1},
  pages={80--87},
  year={2008},
  publisher={ACM}
}

@article{sleator1985amortized,
  title={Amortized efficiency of list update and paging rules},
  author={Sleator, Daniel D and Tarjan, Robert E},
  journal={Communications of the ACM},
  volume={28},
  number={2},
  pages={202--208},
  year={1985},
  publisher={ACM}
}

@book{vazirani2001approximation,
  title={Approximation algorithms},
  author={Vazirani, Vijay V},
  year={2001},
  publisher={springer}
}

@book{dimitrov2008competitive,
  title={Competitive weighted matching in transversal matroids},
  author={Dimitrov, Nedialko B and Plaxton, C Greg},
  year={2008},
  publisher={Springer}
}

